<?xml version="1.0" encoding="utf-8"?>
<record xmlns="http://www.loc.gov/MARC21/slim" xmlns:xsi="http://www.w3.org/2001/XMLSchema-instance" xsi:schemaLocation="http://www.loc.gov/MARC21/slim http://www.loc.gov/standards/marcxml/schema/MARC21slim.xsd">
	<leader>     nam a22     Mi 4500</leader>
	<controlfield tag="001">6624</controlfield>
	<controlfield tag="003">aeadna</controlfield>
	<controlfield tag="006">m        d        </controlfield>
	<controlfield tag="007">cr cn |||m|||a</controlfield>
	<controlfield tag="008">220705s1906||||ua     fo    |00| pdara|d</controlfield>
	<datafield ind1=" " ind2=" " tag="040">
		<subfield code="a">ZYU</subfield>
		<subfield code="b">ara</subfield>
		<subfield code="c">ZYU</subfield>
	</datafield>
	<datafield ind1="0" ind2=" " tag="041">
		<subfield code="a">ara</subfield>
	</datafield>
	<datafield ind1=" " ind2=" " tag="043">
		<subfield code="a">ma-----</subfield>
	</datafield>
	<datafield ind1=" " ind2="4" tag="050">
		<subfield code="a">PJ7560</subfield>
		<subfield code="b">.H87 1906</subfield>
	</datafield>
	<datafield ind1="1" ind2="4" tag="082">
		<subfield code="a">928.62</subfield>
		<subfield code="b">21</subfield>
	</datafield>
	<datafield ind1="2" ind2=" " tag="100">
		<subfield code="6">880-01</subfield>
		<subfield code="a">Ibn Maʻṣūm, ʻAlī ibn Aḥmad,</subfield>
		<subfield code="d">1642-approximately 1707,</subfield>
		<subfield code="e">author.</subfield>
	</datafield>
	<datafield ind1="1" ind2="0" tag="245">
		<subfield code="6">880-02</subfield>
		<subfield code="a">Kitāb sulāfat al-ʻaṣr</subfield>
		<subfield code="h">[electronic resource] :</subfield>
		<subfield code="b">fī maḥāsin al-shuʻarāʼ bi-kul miṣr /</subfield>
		<subfield code="c">ta'līf al-ʻallāmah al-sayyid ʻAlī Ṣadr al-Dīn al-Madanī ibn Aḥmad Niẓām al-Dīn al-Ḥusaynī al-Ḥasanī.</subfield>
	</datafield>
	<datafield ind1="2" ind2="2" tag="246">
		<subfield code="6">880-03</subfield>
		<subfield code="a">Sulāfat al-ʻaṣr :</subfield>
		<subfield code="b">fī maḥāsin al-shuʻarāʼ bi-kul miṣr</subfield>
	</datafield>
	<datafield ind1=" " ind2=" " tag="250">
		<subfield code="6">880-04</subfield>
		<subfield code="a">Ṭ. 1.</subfield>
	</datafield>
	<datafield ind1=" " ind2=" " tag="260">
		<subfield code="6">880-05</subfield>
		<subfield code="a">al-Qāhirah :</subfield>
		<subfield code="b">[Maḥal Aḥmad Najī al-Jamālī wa Muḥammad Amīn al-Khānjī],</subfield>
		<subfield code="c">1324 H. [1906 M.]</subfield>
	</datafield>
	<datafield ind1=" " ind2=" " tag="300">
		<subfield code="6">880-06</subfield>
		<subfield code="a">online resource (607 p.)</subfield>
	</datafield>
	<datafield ind1=" " ind2=" " tag="500">
		<subfield code="a">Non-Latin script record</subfield>
	</datafield>
	<datafield ind1=" " ind2=" " tag="500">
		<subfield code="a">Part of the Arabic Collections Online (ACO) project, contributed by United Arab Emirates National Archives.</subfield>
	</datafield>
	<datafield ind1=" " ind2=" " tag="533">
		<subfield code="a">Electronic reproduction.</subfield>
		<subfield code="b">New York, N.Y. :</subfield>
		<subfield code="c">New York University,</subfield>
		<subfield code="d">2022.</subfield>
		<subfield code="5">NNU</subfield>
	</datafield>
	<datafield ind1=" " ind2="0" tag="650">
		<subfield code="6">880-07</subfield>
		<subfield code="a">Arabic poetry</subfield>
		<subfield code="v">Early works to 1800.</subfield>
	</datafield>
	<datafield ind1=" " ind2="0" tag="650">
		<subfield code="6">880-08</subfield>
		<subfield code="a">Poets, Arab</subfield>
		<subfield code="v">Early works to 1800.</subfield>
	</datafield>
	<datafield ind1=" " ind2="0" tag="650">
		<subfield code="6">880-09</subfield>
		<subfield code="a">Arabic poetry</subfield>
		<subfield code="x">History and criticism</subfield>
		<subfield code="y">1258-1800.</subfield>
	</datafield>
	<datafield ind1="2" ind2=" " tag="710">
		<subfield code="a">Abu Dhabi (United Arab Emirates).</subfield>
		<subfield code="b">National Archives.</subfield>
	</datafield>
	<datafield ind1="0" ind2=" " tag="730">
		<subfield code="a">Arabic Collections Online.</subfield>
	</datafield>
	<datafield ind1="0" ind2="8" tag="776">
		<subfield code="i">Print version:</subfield>
		<subfield code="a">Ibn Maʻṣūm, ʻAlī ibn Aḥmad, 1642-approximately 1707, author.</subfield>
		<subfield code="t">Kitāb sulāfat al-ʻaṣr</subfield>
		<subfield code="w">(aeadna)6624</subfield>
	</datafield>
	<datafield ind1="4" ind2="0" tag="856">
		<subfield code="u">http://hdl.handle.net/2333.1/r4xgxqzh</subfield>
	</datafield>
	<datafield ind1="2" ind2=" " tag="880">
		<subfield code="6">100-01</subfield>
		<subfield code="a">ابن معصوم، علي بن أحمد،‎</subfield>
		<subfield code="d">1642- حوالي. 1707.‎</subfield>
	</datafield>
	<datafield ind1="1" ind2="0" tag="880">
		<subfield code="6">245-02</subfield>
		<subfield code="a">كتاب سلافة العصر :‎</subfield>
		<subfield code="b">في محاسن الشعراء بكل مصر /‎</subfield>
		<subfield code="c">تأليف علي صدرالدين المدني ابن أحمد نظام الدين الحسيني الحسني.‎</subfield>
	</datafield>
	<datafield ind1="2" ind2="2" tag="880">
		<subfield code="6">246-03</subfield>
		<subfield code="a">سلافة العصر في محاسن الشعراء بكل مصر‎</subfield>
	</datafield>
	<datafield ind1=" " ind2=" " tag="880">
		<subfield code="6">250-04</subfield>
		<subfield code="a">ط.1.‎</subfield>
	</datafield>
	<datafield ind1=" " ind2=" " tag="880">
		<subfield code="6">260-05</subfield>
		<subfield code="a">القاهرة :‎</subfield>
		<subfield code="b">[محل أحمد ناجي الجمالي ومحمد امين الخانجي[ ،‎</subfield>
		<subfield code="c">1324 هـ.[1906م].   ‎</subfield>
	</datafield>
	<datafield ind1=" " ind2=" " tag="880">
		<subfield code="6">300-06</subfield>
		<subfield code="a">607 ص. ؛‎</subfield>
		<subfield code="c">24 سم.‎</subfield>
	</datafield>
	<datafield ind1=" " ind2=" " tag="880">
		<subfield code="6">500-00</subfield>
		<subfield code="a">المؤلف: صدر الدين المدني، علي بن أحمد بن محمد معصوم الحسني الحسيني، المعروف بعلي خان بن ميرزا أحمد، الشهير بابن معصوم (المتوفى: 1119هـ)‎</subfield>
	</datafield>
	<datafield ind1=" " ind2=" " tag="880">
		<subfield code="6">500-00</subfield>
		<subfield code="a">الورق الكتاب أصفر وحالته جيدة.‎</subfield>
	</datafield>
	<datafield ind1=" " ind2=" " tag="880">
		<subfield code="6">520-00</subfield>
		<subfield code="a">من مشاهير كتب تراجم الشعراء، ترجم فيه ابن معصوم لزهاء (128) شاعراً من شعراء القرن (11) الهجري، وفرغ منه يوم الخميس سابع ربيع الثاني سنة 1082هـ وكان قد شرع في جمعه سنة (1081هـ) أثناء الإقامة الجبرية التي فرضت عليه سنة (1073) وتمثل في وصف كربتها بقول الصلاح الصفدي: لزمت بيتي مثل ما قيل لي ولم أعاند حادث الدهر وليس لي درع يرد الردى أستغفر الله سوى صبري وجعل كتابه ذيلاً لكتاب الشهاب الخفاجي (ريحانة الألبا) وذكر في مقدمته أنه أُهديت إليه نسخة من الريحانة، من مكة المكرمة قال:(فرأيته قد قصد الغرض الذي كنت قصدته... بيد أنه اقتطف ريحانة من روض، وامتاح نقطة من حوض...وأهمل ذكر جماعة من أكابر الفضلاء، وأماثل النبلاء...فجدد لي هذا الاستدراك ذلك العزم القديم...) والتزم ألا يودع فيه شيئاً مما ذكره الخفاجي من الشعر. وافتتح الكتاب بذكر شعراء مكة، فترجم ل(34) شاعراً منهم، أولهم أبوه: الأمير نظام الدين الذي استدعاه شاهنشاه الديار الهندية إلى مملكته وزوجه ابنته، وهي ليست بأم المؤلف، فأمه بنت الشيخ محمد بن أحمد المنوفي الشافعي. وأتبع ذلك بذكر (19) شاعراً من شعراء المدينة، ثم قسم شعراء الشام، وافتتحه بذكر شعراء جبل عامل، وترجم منهم ل(9) شعراء، أولهم: البهاء العاملي، الذي نعته بمجدد القرن الحادي عشر، ثم ل(10) من شعراء دمشق، ثم لشاعر من حلب، وآخر من حمص، ثم ل(11) شاعراً من أهل مصر، و(14) من أهل اليمن، و(3) من أهل فارس، و(11) من البحرين، و(7) من العراق، و(8) من أهل مراكش وفاس. وعقد فصلاً ص(498) أورد فيه تراجم مختزلة لأدباء العجم الذين لم يتعاطوا نظم الشعر العربي. طبع الكتاب لأول مرة في مصر سنة 1324هـ بعناية محمد أمين الخانجي، ثم في قطر على نفقة حاكمها الشيخ أحمد بن علي آل ثاني، سنة 1382هـ في (607) صفحات، منها (239) صفحة في تراجم شعراء مكة. وللسيد عبد الله بن نور الدين بن نعمة الله الموسوي الجزائري التستري المتوفى سنة 1173م ذيل عليه، ترجم فيه لخمسة من العلماء الشعراء، منه نسخة بخط حفيده نعمة الله بن محمد هادي، في مكتبة آية الله العظمى المرعشي النجفي في (قم) بإيران.‎</subfield>
	</datafield>
	<datafield ind1=" " ind2=" " tag="880">
		<subfield code="6">520-00</subfield>
		<subfield code="a">&quot;فكررت في كتابي هذا أسماء جماعة سبقني إلى ذكرهم من أهل هذه المائة. وهي الحادية عشره. وأوردت من نتائج أفكارهم ما تستحلي الألباب ذوقه. وتستطيب الأسماع نشره. والتزمت أن لا أورد شيئا من الشعر الذي رقمه. وإن أعدت اسم الشاعر الذي ترجمه. وكتابي هذا مقصور على محاسن أخبار أهل هذه المائة. ومكسور على أحاسن أشعار هذه الفئة وقد رتبته على خمسة أقسام القسم الأول في محاسن أهل الحرمين الشريفين. والمحلين المنيفين. زادهما الله تعالى شرفا وإنافة. ولا زالا آمنين بأمان من شرفهما من المخافة. القسم الثاني في محاسن أهل الشام ومصر ونواحيهما. ومن تصدر من الفضلاء في صدور نواديهما القسم الثالث في محاسن أهل اليمن. المقلدين بعقود آدابهم جيد الزمن. القسم الرابع في محاسن أهل العجم والبحرين والعراق. وإيراد ما رق من لطائفهم وراق القسم الخامس في محاسن أهل المغرب. وإثبات شيء من بديع نظمهم المطرب. والعذر في تأخير قسمهم عن سائر الأقسام. رعاية النكتة في المغرب للختام. وإلا فلهم السبق والبداية. ولا غرو إن انتهت إليهم الغاية. وإذا أشرق إن شاء الله تعالى بدره المنير من أفق الثمام. وتفتق زهره النضير من حجب الكمام وسمته بسلافة العصر. في محاسن الشعراء بكل مصر والله اسأل أن يوفقني لاتمامه. ويشفع حسن ابتدائه بحسن ختامه. والملتمس ممن انتشا من هذه السلافة. أن يلحظها بعين الصواب مهما رأى خلافه. فإنها نشأت عن فكر قد صلد زنده. في بلد عربه عجمه وهنده. لم تقم فيه للأدب سوق. ولا عرف به غير الكفر والفسوق. سنى الله لنا العود منه إلى حرمه. والرجوع إلى جوار بيته المحرم بجوده وكرم. إنه على كل شيء قدير. وبالإجابة جدير&quot; &quot;  مقدمة المؤلف&quot;‎</subfield>
	</datafield>
	<datafield ind1=" " ind2="4" tag="880">
		<subfield code="6">650-07</subfield>
		<subfield code="a">الشعر العربي‎</subfield>
		<subfield code="v">الأعمال المبكرة حتى 1800‎</subfield>
	</datafield>
	<datafield ind1=" " ind2="4" tag="880">
		<subfield code="6">650-08</subfield>
		<subfield code="a">الشعراء العرب‎</subfield>
		<subfield code="v">الأعمال المبكرة حتى 1800‎</subfield>
	</datafield>
	<datafield ind1=" " ind2="4" tag="880">
		<subfield code="6">650-09</subfield>
		<subfield code="a">الشعر العربي‎</subfield>
		<subfield code="x">تاريخ ونقد‎</subfield>
		<subfield code="y">1258-1800</subfield>
	</datafield>
	<datafield ind1=" " ind2=" " tag="880">
		<subfield code="6">949-00</subfield>
		<subfield code="a">928.62 ح س  DF  ت‎</subfield>
		<subfield code="w">DDC</subfield>
		<subfield code="i">30018000000577</subfield>
		<subfield code="u">06/23/2003</subfield>
		<subfield code="d">04/26/2010</subfield>
		<subfield code="n">0</subfield>
		<subfield code="t">Book</subfield>
		<subfield code="l">av</subfield>
		<subfield code="m">MAIN</subfield>
		<subfield code="x">RAR</subfield>
	</datafield>
	<datafield ind1=" " ind2=" " tag="959">
		<subfield code="a">NNU</subfield>
		<subfield code="b">WEB</subfield>
		<subfield code="c">GENI</subfield>
		<subfield code="t">0</subfield>
		<subfield code="m">Electronic access</subfield>
		<subfield code="s">01</subfield>
	</datafield>
	<datafield ind1=" " ind2=" " tag="999">
		<subfield code="i">aeadna_6624</subfield>
		<subfield code="s">uaena_aco000093:1</subfield>
		<subfield code="e">(ERROR-880)(ERROR-MISC)</subfield>
		<subfield code="s">uaena_aco000093:1</subfield>
	</datafield>
</record>
